Automatically generated by Mendeley Desktop 1.17.6
Any changes to this file will be lost if it is regenerated by Mendeley.

BibTeX export options can be customized via Options -> BibTeX in Mendeley Desktop

@Book{Lamport:LDP85,
  author         = {Leslie Lamport},
  title          = {{\LaTeX\ - A Document Preparation System - User's Guide and Reference Manual}},
  publisher      = {Addison-Wesley PublishingCompany},
  year           = {1985},
}

@Book{Laplace1820,
  author        = {Laplace, Pierre S.},
  title         = {{Th\'{e}orie analytique des probabilit\'{e}s}},
  publisher     = {Courcier},
  address       = {Paris},
  year          = {1820}
}